

@Manual{Rproject,
    title = {R: A Language and Environment for Statistical Computing},
    author = {{R Core Team}},
    organization = {R Foundation for Statistical Computing},
    address = {Vienna, Austria},
    year = {2021},
    url = {https://www.R-project.org/},
  }



 @misc{princetonuniversity,
 title={OPR Data Archive}, 
url={https://opr.princeton.edu/archive/pefp/switz.aspx}, 
journal={Princeton University}, 
publisher={The Trustees of Princeton University}} 